<?xml version="1.0" encoding="UTF-8" ?>
<collection xmlns:xsi="http://www.w3.org/2001/XMLSchema-instance" xsi:schemaLocation="http://www.loc.gov/MARC21/slim http://www.loc.gov/standards/marcxml/schema/MARC21slim.xsd" xmlns="http://www.loc.gov/MARC21/slim">
   <record>
      <leader>     cam a22     1  4500</leader>
      <controlfield tag="001">1189331</controlfield>
      <controlfield tag="003">NIC</controlfield>
      <controlfield tag="005">20140829225903.0</controlfield>
      <controlfield tag="008">861224s1928    ua a          000 0 ara d</controlfield>
      <datafield tag="035" ind1=" " ind2=" ">
         <subfield code="a">(CStRLIN)NYCX86B188050</subfield>
      </datafield>
      <datafield tag="035" ind1=" " ind2=" ">
         <subfield code="a">(NIC)notisAFF1084</subfield>
      </datafield>
      <datafield tag="035" ind1=" " ind2=" ">
         <subfield code="a">(OCoLC)7541887</subfield>
      </datafield>
      <datafield tag="035" ind1=" " ind2=" ">
         <subfield code="a">1189331</subfield>
      </datafield>
      <datafield tag="040" ind1=" " ind2=" ">
         <subfield code="a">DNLM</subfield>
         <subfield code="c">DNLM</subfield>
         <subfield code="d">CStRLIN</subfield>
         <subfield code="d">NIC</subfield>
      </datafield>
      <datafield tag="060" ind1="0" ind2=" ">
         <subfield code="a">WZ 290</subfield>
         <subfield code="b">T357b 1928</subfield>
      </datafield>
      <datafield tag="100" ind1="1" ind2=" ">
         <subfield code="a">Thābit ibn Kurrah,</subfield>
         <subfield code="c">al Harrānī,</subfield>
         <subfield code="d">836-901.</subfield>
      </datafield>
      <datafield tag="245" ind1="1" ind2="4">
         <subfield code="a">The book of Al dakhîra,</subfield>
         <subfield code="c">ed. by Dr. G. Sobhy ...</subfield>
      </datafield>
      <datafield tag="260" ind1=" " ind2=" ">
         <subfield code="a">Cairo,</subfield>
         <subfield code="b">Government Press,</subfield>
         <subfield code="c">1928.</subfield>
      </datafield>
      <datafield tag="300" ind1=" " ind2=" ">
         <subfield code="a">xv, 43, 186 p.</subfield>
         <subfield code="b">ill.</subfield>
         <subfield code="c">27 cm.</subfield>
      </datafield>
      <datafield tag="490" ind1="1" ind2=" ">
         <subfield code="a">Cairo.  Fouad University. Faculty of Medicine. Publication</subfield>
         <subfield code="v">no.2</subfield>
      </datafield>
      <datafield tag="500" ind1=" " ind2=" ">
         <subfield code="a">Arabic text with introduction and glossary in English.</subfield>
      </datafield>
      <datafield tag="500" ind1=" " ind2=" ">
         <subfield code="a">From Ms. entitled &quot;Al dakhira fy Ilm&apos; el Tibb,&quot; dated in the Higra year 607-1210 A. D. which belongs to the Patriarchal Library and has never been published in Arabic or in translation before.</subfield>
      </datafield>
      <datafield tag="650" ind1=" " ind2="0">
         <subfield code="a">Medicine, Arab.</subfield>
      </datafield>
      <datafield tag="700" ind1="1" ind2=" ">
         <subfield code="a">Ṣubḥī, Jūrjī.</subfield>
      </datafield>
      <datafield tag="740" ind1="3" ind2=" ">
         <subfield code="a">Al dakhîra</subfield>
      </datafield>
      <datafield tag="810" ind1="1" ind2=" ">
         <subfield code="a">Cairo. </subfield>
         <subfield code="b">Fouad University.</subfield>
         <subfield code="b">Faculty of Medicine.</subfield>
         <subfield code="t">Publication</subfield>
         <subfield code="v">no.2</subfield>
      </datafield>
      <datafield tag="905" ind1=" " ind2=" ">
         <subfield code="a">19941025120000.0</subfield>
      </datafield>
      <datafield tag="950" ind1=" " ind2=" ">
         <subfield code="l">OLIN</subfield>
         <subfield code="a">R143</subfield>
         <subfield code="b">.T35+</subfield>
         <subfield code="f">BASIC</subfield>
         <subfield code="i">12/24/86 N</subfield>
      </datafield>
      <datafield tag="903" ind1=" " ind2=" ">
         <subfield code="a">NYUACO</subfield>
         <subfield code="d">20141028</subfield>
         <subfield code="p">31924011953951</subfield>
      </datafield>
      <datafield tag="950" ind1=" " ind2=" ">
         <subfield code="a">+</subfield>
         <subfield code="b">R143 .T35</subfield>
         <subfield code="v"> </subfield>
      </datafield>
   </record>
</collection>
